@book{BarYam97,
  title={Dynamics of complex systems},
  author={Bar-Yam, Yaneer},
  volume={213},
  year={1997},
  publisher={Addison-Wesley}
}

@book{Mitchell09,
  title={Complexity: A guided tour},
  author={Mitchell, Melanie},
  year={2009},
  publisher={Oxford University Press}
}

@article{Pastor015,
  title={Epidemic processes in complex networks},
  author={Pastor-Satorras, Romualdo and Castellano, Claudio and Van Mieghem, Piet and Vespignani, Alessandro},
  journal={Reviews of Modern Physics},
  volume={87},
  number={3},
  pages={925},
  year={2015},
  publisher={APS}
}

@book{Pikovsky03,
  title={Synchronization: a universal concept in nonlinear sciences},
  author={Pikovsky, Arkady and Rosenblum, Michael and Kurths, J{\"u}rgen},
  volume={12},
  year={2003},
  publisher={Cambridge University Press}
}

@article{Barabasi99,
  title={Emergence of scaling in random networks},
  author={Barab{\'a}si, Albert-L{\'a}szl{\'o} and Albert, R{\'e}ka},
  journal={Science},
  volume={286},
  number={5439},
  pages={509--512},
  year={1999}
}

@article{Costa011,
  title={Analyzing and modeling real-world phenomena with complex networks: a survey of applications},
  author={Costa, Luciano da Fontoura and Oliveira Jr, Osvaldo N and Travieso, Gonzalo and Rodrigues, Francisco Aparecido and Villas Boas, Paulino Ribeiro and Antiqueira, Lucas and Viana, Matheus Palhares and Correa Rocha, Luis Enrique},
  journal={Advances in Physics},
  volume={60},
  number={3},
  pages={329--412},
  year={2011},
  publisher={Taylor \& Francis}
}

@article{Arenas08,
  title={Synchronization in complex networks},
  author={Arenas, Alex and D{\'\i}az-Guilera, Albert and Kurths, Jurgen and Moreno, Yamir and Zhou, Changsong},
  journal={Physics Reports},
  volume={469},
  number={3},
  pages={93--153},
  year={2008},
  publisher={Elsevier}
}


@book{Barrat08,
  title={Dynamical processes on complex networks},
  author={Barrat, Alain and Barthelemy, Marc and Vespignani, Alessandro},
  year={2008},
  publisher={Cambridge University Press}
}


@book{Barabasi016,
  title={Network science},
  author={Barab{\'a}si, Albert-L{\'a}szl{\'o}},
  year={2016},
  publisher={Cambridge University Press}
}

@article{Levis017,
  title = {Synchronization in Dynamical Networks of Locally Coupled Self-Propelled Oscillators},
  author = {Levis, Demian and Pagonabarraga, Ignacio and D\'{\i}az-Guilera, Albert},
  journal = {Phys. Rev. X},
  volume = {7},
  issue = {1},
  pages = {011028},
  numpages = {13},
  year = {2017}
 }


@article{Buscarino08,
  title={Disease spreading in populations of moving agents},
  author={Buscarino, Arturo and Fortuna, Luigi and Frasca, Mattia and Latora, Vito},
  journal={EPL (Europhysics Letters)},
  volume={82},
  number={3},
  pages={38002},
  year={2008},
  publisher={IOP Publishing}
}

@article{Kivela014,
  title={Multilayer networks},
  author={Kivel{\"a}, Mikko and Arenas, Alex and Barthelemy, Marc and Gleeson, James P and Moreno, Yamir and Porter, Mason A},
  journal={Journal of Complex Networks},
  volume={2},
  number={3},
  pages={203--271},
  year={2014},
  publisher={Oxford University Press}
}

@article{Boccaletti014,
  title={The structure and dynamics of multilayer networks},
  author={Boccaletti, Stefano and Bianconi, Ginestra and Criado, Regino and Del Genio, Charo I and G{\'o}mez-Gardenes, Jes{\'u}s and Romance, Miguel and Sendina-Nadal, Irene and Wang, Zhen and Zanin, Massimiliano},
  journal={Physics Reports},
  volume={544},
  number={1},
  pages={1--122},
  year={2014},
  publisher={Elsevier}
}

@article{Rodrigues016,
  title={The Kuramoto model in complex networks},
  author={Rodrigues, Francisco A and Peron, Thomas K DM and Ji, Peng and Kurths, J{\"u}rgen},
  journal={Physics Reports},
  volume={610},
  pages={1--98},
  year={2016},
  publisher={Elsevier}
}

@book{Keeling08,
  title={Modeling infectious diseases in humans and animals},
  author={Keeling, Matt J and Rohani, Pejman},
  year={2008},
  publisher={Princeton University Press}
}

@article{Donges011,
  title={Nonlinear detection of paleoclimate-variability transitions possibly related to human evolution},
  author={Donges, Jonathan F and Donner, Reik V and Trauth, Martin H and Marwan, Norbert and Schellnhuber, Hans-Joachim and Kurths, J{\"u}rgen},
  journal={Proceedings of the National Academy of Sciences},
  volume={108},
  number={51},
  pages={20422--20427},
  year={2011}
}

@article{Lacasa08,
  title={From time series to complex networks: The visibility graph},
  author={Lacasa, Lucas and Luque, Bartolo and Ballesteros, Fernando and Luque, Jordi and Nuno, Juan Carlos},
  journal={Proceedings of the National Academy of Sciences of the United States of America},
  volume={105},
  number={13},
  pages={4972},
  year={2008},
  publisher={National Academy of Sciences}
}

@article{Marwan09,
  title={Complex network approach for recurrence analysis of time series},
  author={Marwan, Norbert and Donges, Jonathan F and Zou, Yong and Donner, Reik V and Kurths, Juergen},
  journal={Physics Letters A},
  volume={373},
  number={46},
  pages={4246--4254},
  year={2009}
}

@article{Donner010,
  title={Recurrence networks--a novel paradigm for nonlinear time series analysis},
  author={Donner, Reik V and Zou, Yong and Donges, Jonathan F and Marwan, Norbert and Kurths, Juergen},
  journal={New Journal of Physics},
  volume={12},
  number={3},
  pages={033025},
  year={2010}
}


@article{Arruda017,
  title={Disease Localization in Multilayer Networks},
  author={de Arruda, Guilherme Ferraz and Cozzo, Emanuele and Peixoto, Tiago P and Rodrigues, Francisco A and Moreno, Yamir},
  journal={Physical Review X},
  volume={7},
  number={1},
  pages={011014},
  year={2017},
  publisher={APS}
}


@article{Arruda014,
  title={Role of centrality for the identification of influential spreaders in complex networks},
  author={de Arruda, Guilherme Ferraz and Barbieri, Andr{\'e} Luiz and Rodr{\'\i}guez, Pablo Mart{\'\i}n and Rodrigues, Francisco A and Moreno, Yamir and da Fontoura Costa, Luciano},
  journal={Physical Review E},
  volume={90},
  number={3},
  pages={032812},
  year={2014},
  publisher={APS}
}

@article{Buscarino08,
  title={Disease spreading in populations of moving agents},
  author={Buscarino, Arturo and Fortuna, Luigi and Frasca, Mattia and Latora, Vito},
  journal={EPL (Europhysics Letters)},
  volume={82},
  number={3},
  pages={38002},
  year={2008},
  publisher={IOP Publishing}
}


@article{Frasca06,
  title={Dynamical network model of infective mobile agents},
  author={Frasca, Mattia and Buscarino, Arturo and Rizzo, Alessandro and Fortuna, Luigi and Boccaletti, Stefano},
  journal={Physical Review E},
  volume={74},
  number={3},
  pages={036110},
  year={2006},
  publisher={APS}
}


@article{Granell013,
  title={Dynamical interplay between awareness and epidemic spreading in multiplex networks},
  author={Granell, Clara and G{\'o}mez, Sergio and Arenas, Alex},
  journal={Physical Review Letters},
  volume={111},
  number={12},
  pages={128701},
  year={2013},
  publisher={APS}
}

@article{Funk09,
  title={The spread of awareness and its impact on epidemic outbreaks},
  author={Funk, Sebastian and Gilad, Erez and Watkins, Chris and Jansen, Vincent AA},
  journal={Proceedings of the National Academy of Sciences},
  volume={106},
  number={16},
  pages={6872--6877},
  year={2009},
  publisher={National Acad Sciences}
}

@article{Moreno04,
  title={Dynamics of rumor spreading in complex networks},
  author={Moreno, Yamir and Nekovee, Maziar and Pacheco, Amalio F},
  journal={Physical Review E},
  volume={69},
  number={6},
  pages={066130},
  year={2004},
  publisher={APS}
}
